<record><leader>00000cas a22000007a 4500</leader><controlfield tag="001">18422178</controlfield><controlfield tag="008">880829d19791980laudn ne      0    0eng d</controlfield><datafield ind1=" " ind2=" " tag="010"><subfield code="a">sn 88064611 </subfield></datafield><datafield ind1=" " ind2=" " tag="040"><subfield code="a">LNP</subfield><subfield code="b">eng</subfield><subfield code="c">LNP</subfield><subfield code="d">OCLCQ</subfield></datafield><datafield ind1=" " ind2=" " tag="042"><subfield code="a">msc</subfield></datafield><datafield ind1="0" ind2=" " tag="130"><subfield code="a">News-star (Monroe, La. : 1979)</subfield></datafield><datafield ind1="1" ind2="4" tag="245"><subfield code="a">The News-star.</subfield></datafield><datafield ind1="1" ind2="3" tag="246"><subfield code="a">Monroe news-star</subfield></datafield><datafield ind1=" " ind2=" " tag="260"><subfield code="a">Monroe-West Monroe, La. :</subfield><subfield code="b">News-Star--World Pub. Co.</subfield></datafield><datafield ind1=" " ind2=" " tag="300"><subfield code="a">v.</subfield></datafield><datafield ind1=" " ind2=" " tag="310"><subfield code="a">Daily (except Sat. and Sun.)</subfield></datafield><datafield ind1="0" ind2=" " tag="362"><subfield code="a">Vol. 69, no. 156 (Feb. 12, 1979)-v. 70, no. 277 (Aug. 1, 1980).</subfield></datafield><datafield ind1=" " ind2=" " tag="752"><subfield code="a">United States</subfield><subfield code="b">Louisiana</subfield><subfield code="c">Ouachita</subfield><subfield code="d">Monroe.</subfield></datafield><datafield ind1="0" ind2="0" tag="780"><subfield code="t">Monroe news-star</subfield><subfield code="w">(DLC)sn 88064610</subfield></datafield><datafield ind1="0" ind2="7" tag="785"><subfield code="t">Morning world (Monroe, La.)</subfield><subfield code="w">(DLC)sn 88064613</subfield></datafield><datafield ind1="0" ind2="7" tag="785"><subfield code="t">News-star-world</subfield><subfield code="w">(DLC)sn 88064612</subfield></datafield></record>